% EMSOFT MDP paper
@inproceedings{Lung2009,
 author = {Tang Lung Cheung and Kari Okamoto and Frank Maker and Xin Liu and Venkatesh Akella},
 title = {Markov Decision Process ({MDP}) Framework for Optimizing Software on Mobile Phones},
 booktitle = {Proc.\ of Int'l Conf.\ on Embedded Software},
 pages = {11-20},
 month = oct,
 year = {2009}
}

% embedded WSN papers
@inproceedings{Du2014,
 author = {Wan Du and Zikun Xing and Mo Li and Bingsheng He and Chua Hock Chye Lloyd and Haiyan Miao},
 title = {Optimal Sensor Placement and Measurement of Wind for Water Quality Studies in Urban Reservoirs},
 booktitle = {Proc.\ of 13th ACM/IEEE Int'l Conf.\ on Information Processing in Sensor Networks},
 pages = {167-178},
 month = apr,
 year = {2014}
}

@inproceedings{Achleitner2014,
 author = {Stefan Achleitner and Tao Liu and Ankur Kamthe and Alberto E. Cerpa},
 title = {{SIPS}: Solar Irradiance Prediction System},
 booktitle = {Proc.\ of 13th ACM/IEEE Int'l Conf.\ on Information Processing in Sensor Networks},
 pages = {225-236},
  month = apr,
 year = {2014}
}

@inproceedings{Lu2002,
 author = {C. Lu and B.M. Blum and T.F. Abdelzaher and J.A. Stankovic and T. He},
 title = {{RAP}: A Real-Time Communication Architecture for Large-Scale Wireless Sensor Networks},
 booktitle = {Proc.\ of IEEE Real-Time and Embedded Technology and Applications Symposium},
 pages = {55-66},
 year = {2002}
}

@inproceedings{He2003,
 author = {T. He and J.A. Stankovic and C. Lu and T.F. Abdelzaher},
 title = {{SPEED}: A Stateless Protocol for Real-Time Communication in Sensor Networks},
 booktitle = {Proc.\ of Int'l Conf.\ on Distributed Computing Systems},
 pages = {46-55},
 month = may,
 year = {2003}
}

@inproceedings{Chen2010,
 author = {Min-Hua Chen and Pai H. Chou},
 title = {TeleScribe: A Scalable, Resumable Wireless Reprogramming Approach},
 booktitle = {Proc.\ of Int'l Conf.\ on Embedded Software},
 pages = {139-148},
 month = oct,
 year = {2010}
}

@inproceedings{Santinelli2010,
 author = {Luca Santinelli and Mauro Marinoni and Francesco Prosperi and 
           Francesco Esposito and Gianluca Franchino and Giorgio Buttazzo},
 title = {Energy-Aware Packet and Task Co-Scheduling for Embedded Systems},
 booktitle = {Proc.\ of Int'l Conf.\ on Embedded Software},
 pages = {279--288},
 month = oct,
 year = {2010}
}

@inproceedings{Mazumder2013,
 author = {B. Mazumder and J.O. Hallstrom},
 title = {An Efficient Code Update Solution for Wireless Sensor Network Reprogramming},
 booktitle = {Proc.\ of Int'l Conf.\ on Embedded Software},
 pages = {4:1-4:10},
 month = oct,
 year = {2013}
}

% process control use of wireless technology
@inproceedings{ewsn15,
 author = {M. Sha and D. Gunatilaka and C. Wu and C. Lu},
 title = {Implementation and Experimentation of Industrial Wireless Sensor-Actuator Network Protocols},
 booktitle = {Proc.\ of European Conference on Wireless Sensor Networks},
 pages = {234-241},
 month = feb,
 year = {2015}
}

% medical use of networked technology - not necessarily wireless, though, so I commented this one out - Chris
% Arney:2010:TPS:1795194.1795214
% Arney, David and Pajic, Miroslav and Goldman, Julian M. and Lee, Insup and Mangharam, Rahul and Sokolsky, Oleg
% Toward patient safety in closed-loop medical device systems
% Proc of the 1st ACM/IEEE International Conference on Cyber-Physical Systems
% 2010
% Stockholm, Sweden
% 139--148
% ACM
% New York, NY, USA
 
@INPROCEEDINGS{5254462, 
author={Jing Sun and Xiaofen Zhang}, 
booktitle={Proc. of 9th Int'l Conf.\ on Hybrid Intelligent Systems},
title={Study of {ZigBee} Wireless Mesh Networks}, 
year={2009}, 
volume={2}, 
pages={264-267}, 
keywords={channel capacity;telecommunication network routing;wireless sensor networks;ZigBee wireless mesh networks;network capacity;routing analysis;Broadcasting;Costs;Delay;Mesh networks;Network topology;Peer to peer computing;Physical layer;Routing;Wireless mesh networks;ZigBee;ZigBee;capacity analysis;mesh networks;routing analysis}, 
doi={10.1109/HIS.2009.164},}

@inproceedings{silvius2008smart,
author = {Silvius, Mark D. and Ge, Feng and Young, Alex and MacKenzie, Allen B. and Bostian, Charles W.},
title = {Smart radio: Spectrum access for first responders},
booktitle={Proc.\ of SPIE Defense and Security Symposium},
year = {2008},
}

@ARTICLE{1470679, 
author={Qiang Ni}, 
journal={IEEE Network},
title={Performance analysis and enhancements for {IEEE} 802.11e wireless networks}, 
year=2005,
volume={19}, 
number={4}, 
pages={21-27}, 
keywords={multimedia communication;quality of service;wireless LAN;IEEE 802.11 WLAN;IEEE working group;QoS-enhanced standard;multimedia applications;wireless local area network;Auditory system;Collision avoidance;Computer simulation;Data communication;Multiaccess communication;Performance analysis;Resumes;Wireless LAN;Wireless networks;Wireless sensor networks}, 
doi={10.1109/MNET.2005.1470679}, 
ISSN={0890-8044},
}
@misc{ieee802.15.4_standard,
    key = {IEEE},
    editor = "Institute of Electrical and Electronics Engineers",
    howpublished = "IEEE Computer Society",
    month = oct,
    address = "New York, NY, USA",
    title = "{IEEE} Standard for Information technology -- {T}elecommunication and information exchange between systems -- {L}ocal and metropolitan area networks -- {S}pecific requirements. {Part 15.4}: {W}ireless Medium Access Control ({MAC}) and Physical Layer ({PHY}) Specifications for Low-Rate Wireless Personal Area Networks ({LR-WPANs})",
    year = "2006"}
    
@INPROCEEDINGS{1542670, 
author={Mishra, S.M. and Cabric, D. and Chang, C. and Willkomm, D. and van Schewick, B. and Wolisz, A. and Brodersen, R.W.}, 
booktitle={Proc.\ of IEEE Int'l Symp.\ on New Frontiers in Dynamic Spectrum Access Networks},
title={A real time cognitive radio testbed for physical and link layer experiments}, 
year=2005,
month = nov,
pages={562-567}, 
keywords={field programmable gate arrays;frequency allocation;radiofrequency interference;real-time systems;software radio;BEE2;cognitive radio;interference evaluation;link layer;multiFPGA emulation engine;opportunistic spectrum sharing;physical layer;primary user;radio front-end;real time testbed;secondary user;sensing process;under-utilized spectrum use;Cognitive radio;Computer science;Emulation;FCC;Frequency;Interference;Measurement;Radio spectrum management;Robustness;Testing}, 
doi={10.1109/DYSPAN.2005.1542670},
}
@INPROCEEDINGS{5235391, 
author={Kaigui Bian and Jung-Min Park}, 
booktitle={Proc.\ of 18th Int'l Conf.\ on Computer Communications and Networks},
title={A Coexistence-Aware Spectrum Sharing Protocol for 802.22 {WRANs}}, 
monthe = aug,
year = 2009,
pages={1-6}, 
keywords={protocols;radio networks;radio spectrum management;television broadcasting;IEEE 802.22;TV broadcast band;WRAN;coexistence-aware spectrum sharing protocol;cognitive radio;dynamic resource sharing mechanism;wireless regional area network;wireless standard;Base stations;Chromium;Cognitive radio;Interference;Microphones;Resource management;Switches;TV broadcasting;Wireless application protocol;Wireless networks}, 
doi={10.1109/ICCCN.2009.5235391}, 
ISSN={1095-2055},}

@article{chandrasekhar2009spectrum,
  title={Spectrum allocation in tiered cellular networks},
  author={Chandrasekhar, Vikram and Andrews, J},
  journal={IEEE Transactions on Communications},
  volume={57},
  number={10},
  pages={3059--3068},
  year={2009},
  publisher={IEEE}
}

@book{knuth2006art,
  title={The Art of Computer Programming},
  author={Knuth, Donald Ervin},
  year={2006},
  publisher={Addison-Wesley}
}
@inproceedings{hou2009theory,
  title={A theory of {QoS} for wireless},
  author={Hou, I-H and Borkar, Vivek and Kumar, PR},
  booktitle = {Proc.\ of IEEE Int'l Conf.\ on Computer Communications},
  month = apr,
  year={2009},
  pages = {486-494},
  publisher={IEEE}
}

@book{trivedi2002probability,
  title={Probability and Statistics with Reliability, Queuing, and Computer Science Applications},
  author={Trivedi, Kishor Shridharbhai},
  year={2002},
  publisher={Wiley New York}
}

@inproceedings{dzk07,
author = {Djonin, D. V. and Zhao, Q. and V. Krishnamurthy},
year = 2007,
title = {Optimality and Complexity of Opportunistic Spectrum Access:
A Truncated {M}arkov Decision Process Formulation},
booktitle = {Proc.\ of IEEE Int'l Conf.\ on Communications},
month = jun,
pages = {5787-5792}
}
@inproceedings{gts06,
author = {Geirhofer, S. and Tong, L. and Sadler, B. M.},
year = 2006,
title = {A Measurement-Based Model for Dynamic Spectrum Access in {WLAN} Channels},
booktitle = {Proc.\ of IEEE Military Communications Conf.},
month = oct,
pages = {1-7}
}

% [3] Dillinger, M., Madani, K., and Alonistioti, N. 2003. Software Defined Radio: Architectures, Systems, and Functions. Wiley.
% [5] Fette, B. 2006. Cognitive Radio Technology. Elsevier Science & Technology Books.

@INPROCEEDINGS{5931324, 
author={Abundo, M. and Cardellini, V. and Lo Presti, F.}, 
booktitle={Proc.\ of 19th IEEE Int'l Workshop on Quality of Service},
title={An {MDP}-based admission control for a {QoS}-aware service-oriented system}, 
month=jun,
year={2011}, 
pages={14:1-14:3}, 
keywords={Markov processes;quality of service;service-oriented architecture;telecommunication congestion control;MDP-based admission control;Markov decision processes;QoS-aware service-oriented system;forward-looking admission control policy;quality of service;service broker;Admission control;Concrete;Contracts;Markov processes;Process control;Service oriented architecture;Admission control;Markov Decision Process;Quality of Service;Service Oriented Architecture}, 
doi={10.1109/IWQOS.2011.5931324}, 
ISSN={1548-615X},}

@inproceedings{bethke2008experimental,
  title={Experimental demonstration of adaptive {MDP}-based planning with model uncertainty},
  author={Bethke, Brett and Bertuccelli, Luca F and How, Jonathan P},
  booktitle={Proc.\ of Guidance, Navigation, and Control Conference},
  month = aug,
  year={2008}
}

@article{grassmann1977transient,
  title={Transient solutions in {Markovian} queueing systems},
  author={Grassmann, Winfried K},
  journal={Computers \& Operations Research},
  volume={4},
  number={1},
  pages={47--53},
  year={1977},
  publisher={Elsevier}
}

@article{schatzmann2006survey,
  title={A survey of statistical user simulation techniques for reinforcement-learning of dialogue management strategies},
  author={Schatzmann, Jost and Weilhammer, Karl and Stuttle, Matt and Young, Steve},
  journal={The Knowledge Engineering Review},
  volume={21},
  number={2},
  pages={97--126},
  year={2006},
  publisher={Cambridge University Press}
}

@inproceedings{meier2011towards,
  title={Towards More Effective Spectrum Use Based on Memory Allocation Models},
  author={Meier, John and Gill, Christopher and Chamberlain, Roger D},
  booktitle={Proc.\ of IEEE 35th Computer Software and Applications Conference (COMPSAC)},
  pages={426--435},
  year={2011},
  organization={IEEE}
}
@article{puterman1990markov,
  title={Markov decision processes},
  author={Puterman, Martin L},
  journal={Handbooks in Operations Research and Management Science},
  volume={2},
  pages={331--434},
  year={1990},
  publisher={Elsevier}
}

@article{szabo2004p,
  title={The p-Version of the Finite Element Method},
  author={Szab{\'o}, Barna and D{\"u}ster, Alexander and Rank, Ernst},
  journal={Encyclopedia of computational mechanics},
  year={2004},
  publisher={Wiley Online Library}
}

@book{szabo1991,
author = {Szab{\' o}, B. and Babu{\v s}ka, I.},
year = 1991,
title = {Finite Element Analysis},
publisher = {Wiley}
}

@inproceedings{shani2002mdp,
  title={An {MDP}-based recommender system},
  author={Shani, Guy and Brafman, Ronen I and Heckerman, David},
  booktitle={Proc.\ of 18th Conf.\ on Uncertainty in Artificial Intelligence},
  pages={453--460},
  month = aug,
  year={2002},
}

@article{staple2004end,
  title={The end of spectrum scarcity [spectrum allocation and utilization]},
  author={Staple, Gregory and Werbach, Kevin},
  journal={IEEE Spectrum},
  volume={41},
  number={3},
  pages={48--52},
  year={2004},
  publisher={IEEE}
}

@inproceedings{tidwell2010optimizing,
  title={Optimizing expected time utility in cyber-physical systems schedulers},
  author={Tidwell, Terry and Glaubius, Robert and Gill, Christopher D and Smart, William D},
  booktitle={Proc.\ of IEEE 31st Real-Time Systems Symposium},
  pages={193--201},
  month = dec,
  year={2010}
}

@inproceedings{tidwell2011heuristics,
  title={Scalable Utility Aware Scheduling Heuristics for Real-time Tasks with 
         Stochastic Non-preemptive Execution Intervals},
  author={T. Tidwell and C. Bass and E. Lasker and M. Wylde and C. Gill and W. Smart},
  booktitle={Proc.\ of 23rd Euromicro Conf.\ on Real-Time Systems},
  pages = {238-247},
  month = jul,
  year={2011}
}

@inproceedings{wang2010modeling,
  title={Modeling and analysis for reactive-decision spectrum handoff in cognitive radio networks},
  author={Wang, Chung-Wei and Wang, Li-Chun and Adachi, Fumiyuki},
  booktitle={Proc. of IEEE Global Telecommunications Conference (GLOBECOM)},
  pages={1--6},
  year={2010},
  organization={IEEE}
}
@article{zhao2007decentralized,

  title={Decentralized cognitive {MAC} for opportunistic spectrum access in ad hoc networks: A {POMDP} framework},
  author={Zhao, Qing and Tong, Lang and Swami, Ananthram and Chen, Yunxia},
  journal={IEEE Journal on Selected Areas in Communications},
  volume={25},
  number={3},
  pages={589--600},
  month = apr,
  year={2007},
  publisher={IEEE}
}

@article{rappaport2002wireless,
  title={Wireless communications: past events and a future perspective},
  author={Rappaport, Theodore S and Annamalai, A and Buehrer, RM and Tranter, William H},
  journal={IEEE Communications Magazine},
  volume={40},
  number={5},
  pages={148--161},
  year={2002},
  publisher={IEEE}
}

@article{Goldstein2012,
  title={{FCC} approves Verizon's 3.9B {AWS} purchase, T-Mobile spectrum swap},
  author={Goldstein, Phil},
  journal={FierceWireless},
   volume={N/A},
  number={N/A},
  pages={N/A},
  year={2013},
  publisher={www.fiercewireless.com}
}

@misc{NTIA2012,
  title={This chart is a graphic single-point-in-time portrayal of the Table of Frequency Allocations used by the. FCC and NTIA},
  author={NTIA and FCC},
  year={2013},
  howpublished={\url{www.ntia.doc.gov/files/ntia/publications/2003-allochrt.pdf}}
}

@article{pramis2013web,
  title={Decentralized cognitive {MAC} for opportunistic spectrum access in ad hoc networks: A {POMDP} framework},
  author={Pramis, Joshua},
  journal={Digital Trends in Mobile Communication},
  year={2013},
  howpublished={www.digitaltrends.com}
  
}

@inproceedings{Sproull:2005:SFC:1098918.1098981,
 author = {Sproull, Todd and Hough, Richard and Lockwood, John and Zuver, Christopher and English, Kent and Meier, John},
 title = {Sensor fusion and correlation},
 booktitle = {Proc.\ of 3rd Int'l Conf.\ on Embedded Networked Sensor Systems},
 year = {2005},
 isbn = {1-59593-054-X},
 location = {San Diego, California, USA},
 url = {http://doi.acm.org/10.1145/1098918.1098981},
 doi = {10.1145/1098918.1098981},
 acmid = {1098981},
 publisher = {ACM},
 address = {New York, NY, USA},
 keywords = {data correlation, sensor fusion},
} 

@MISC{Glaubius_09,
author       = {Glaubius, Robert}, 
title        = {Scheduling Policy Design using Stochastic Dynamic Programming}, 
howpublished = {Washington University Dissertation}, 
month        = {December}, 
year         = {2009}, 
note         = {Electronic Theses and Dissertations. Paper 130.}, 
key          = {http://openscholarship.wustl.edu/etd/130}
}

@MISC{Tidwell_11,
author       = {Tidwell, Terry}, 
title        = {Utility-Aware Scheduling of Stochastic Real-Time Systems}, 
howpublished = {Washington University Dissertation}, 
month        = {December}, 
year         = {2011}, 
note         = {Electronic Theses and Dissertations. Paper 650.}, 
key          = {http://openscholarship.wustl.edu/etd/650}
}

@inproceedings{Meier2013,
 author = {Meier, John and Karaus, Benjamin and Sistla, Sreeharsha and Tidwell, Terry and Chamberlain, Roger D. and Gill, Christopher},
 title = {Assessing the Appropriateness of Using {M}arkov Decision Processes for {RF} Spectrum Management},
 booktitle = {Proc.\ of 16th ACM Int'l Conf.\ on Modeling, Analysis \& Simulation of Wireless and Mobile Systems},
 month = nov,
 year = {2013},
 isbn = {978-1-4503-2353-6},
 locationn = {Barcelona, Spain},
 pages = {41--48},
 keywords = {discrete-event simulation (des), markov decision process (mdp), spectrum allocation},
} 

@misc{MATLABMVREGRESSION,
  title = { MATLAB regression problems },
  key = {\url{ http://www.mathworks.com/help/stats/specify-the-response-and-design-matrices.html#btnw1v2}},
  note = {Accessed: 2013-11-30}
}

@misc{MATLABMVREGRESSION1,
  title = { MATLAB regression problems },
  key = {\url{  http://www.mathworks.com/help/releases/R2013a/stats/specify-the-response-and-design-matrices.html}},
  note = {Accessed: 2013-11-29}
}

@article{Shannon48,
 author = {Shannon, C. E.},
 title = {A Mathematical Theory of Communication},
 journal = {The Bell System Technical Journal},
 volume = {27},
 year = {1948},
 pages = {379--423}
} 

@article{klm96,
author = {L. P. Kaelbling and M. Littman and A. Moore},
title = {Reinforcement Learning: A Survey},
journal = {Journal of Artificial Intelligence Research},
volume = 4,
pages = {237-285},
year = 1996
}

@book{puterman,
author={Puterman, Martin L},
title = {Markov Decision Processes},
publisher = {John Wiley \& Sons, Inc.},
address = {Hoboken, NJ},
year = 1994
}

@article{erlangloss,
author = {Sevastyanov, B. A.},
title = {An Ergodic Theorem for {Markov} Processes and Its Application to
Telephone Systems with Refusals},
journal = {Theory of Probability \& Its Applications},
volume = 2,
number = 1,
pages = {104-112},
year = 1957 
}

@book{erlang,
author = {A. Allen},
title = {Probability, Statistics, and Queuing Theory with Computer Science Applications},
publisher = {Academic Press},
year = 1978
}

@inproceedings{at07,
author = {Akbar, I. A. and Tranter, W. H},
year = 2007,
title = {Dynamic Spectrum Allocation in Cognitive Radio using Hidden {M}arkov Models: Poisson Distributed Case},
booktitle = {Proc.\ of IEEE SoutheastCon},
month = mar,
pages = {196-201}
}

@inproceedings{bc13b,
author = {Beard, J.C. and Chamberlain, R.D.},
year = 2013,
title = {Use of Simple Analytic Performance Models for Streaming Data Applications Deployed on Diverse Architectures},
booktitle = {Proc.\ of IEEE Int'l Symp.\ on Performance Analysis of Systems and Software},
month = apr,
pages = {138-139}
}

@inproceedings{lb08,
author = {Lee, B.C. and Brooks, D.},
year = 2008,
title = {Roughness of Microarchitectural Design Topologies and Its Implications for Optimization},
booktitle = {Proc.\ of IEEE Int'l Symp.\ on High Performance Computer Architecture},
pages = {240-251}
}

@BOOK{Jain1991-Art,
  title = {The Art of Computer System Performance Analysis: Techniques for Experimental
	Design, Measurement, Simulation and Modeling},
  publisher = {John Wiley \& Sons},
  year = {1991},
  author = {Jain, Raj},
  address = {New York, NY},
  isbn = {9780471503361}
}

@inproceedings{kc08,
author = {Praveen Krishnamurthy and Roger D. Chamberlain},
title = {Analytic Performance Models for Bounded Queueing Systems},
booktitle = {Proc.\ of Workshop on Advances of Parallel and Distributed Computing Models},
month = apr,
year = 2008
}

@inproceedings{sargent79wsc,
  title={Validation of simulation models},
  author={Sargent, Robert G},
  booktitle={Proc.\ of 11th Conf.\ on Winter Simulation-Volume 2},
  pages={497--503},
  year={1979},
}

@article{sargent13,
  title={Verification and validation of simulation models},
  author={Sargent, Robert G},
  journal={Journal of Simulation},
  volume={7},
  number={1},
  pages={12--24},
  year={2013},
  publisher={Nature Publishing Group}
}

@book{lazowska1984quantitative,
  title={Quantitative System Performance: Computer System Analysis Using Queueing Network Models},
  author={Lazowska, Edward D and Zahorjan, John and Graham, G Scott and Sevcik, Kenneth C},
  year={1984},
  address = {Upper Saddle River, NJ},
  publisher={Prentice-Hall}
}

@book{law2000simulation,
  title={Simulation Modeling and Analysis},
  author={Law, Averill M and Kelton, W David},
  edition={3rd},
  year={2000},
  publisher={McGraw-Hill},
  address = {New York, NY}
}

@book{williams1999model,
  title={Model Building in Mathematical Programming},
  author={Williams, Hilary Paul},
  year={1999},
  publisher = {John Wiley \& Sons},
  address = {New York, NY}
}

@book{claeskens2008model,
  title={Model Selection and Model Averaging},
  author={Claeskens, Gerda and Hjort, Nils Lid},
  year={2008},
  publisher={Cambridge University Press},
  address = {Cambridge, UK}
}

@INPROCEEDINGS{atc08,
author={T. Tidwell and R. Glaubius and C. Gill and W. Smart},
booktitle={Proc.\ of 5th Int'l Conf.\ on Autonomic and Trusted Computing},
title={Scheduling for Reliable Execution in Autonomic Systems},
pages = {149-161},
month = jun,
year={2008}
}

@INPROCEEDINGS{gtsg08,
author={Glaubius, R. and Tidwell, T. and Smart, W.D. and Gill, C.},
booktitle={Proc.\ of Real-Time Systems Symposium},
title={Scheduling Design and Verification for Open Soft Real-Time Systems},
year={2008},
month=nov,
pages={505-514},
keywords={continuous systems;discrete systems;open systems;program verification;real-time systems;scheduling;continuous system;discrete system;open soft real-time systems;scheduling design;scheduling verification;Computer science;Continuous time systems;Design engineering;Event detection;Mobile robots;Processor scheduling;Real time systems;Runtime;State-space methods;Timing},
}

@inproceedings{gts+10,
author = {R. Glaubius and T. Tidwell and B. Sidoti and D. Pilla and J. Meden and
C. Gill and W. Smart},
title = {Scalable Scheduling Policy Design for Open Soft Real-Time Systems},
booktitle = {Proc.\ of IEEE Real-Time and Embedded Technology and Applications Symposium},
pages = {237-246},
month = apr,
year = 2010
}

@book{communicationsa,
  title={Data and Computer Communications},
  author={Stallings, William},
  year={2004},
  publisher={Pearson/Prentice Hall},
   address = {Upper Saddle River, NJ, USA},
  }
    
@book{communicationsb,
  title={Digital Communications},
  author={J.G. Proakis},
  year={1995},
  publisher={McGraw-Hill},
   address = {New York, NY},
  }

@book{communicationsc,
 author = {Ziemer, Rodger E. and Tranter, William H.},
 title = {Principles of Communications},
 year = {2014},
 edition = {7th},
 publisher = {John Wiley \& Sons},
   address = {New York, NY},
} 

@ARTICLE{safak94, 
author={Safak, A.}, 
journal={IEEE Transactions on Vehicular Technology},
title={Optimal channel reuse in cellular radio systems with multiple correlated log-normal interferers}, 
year={1994}, 
month={May}, 
volume={43}, 
number={2}, 
pages={304-312}, 
keywords={cellular radio;correlation theory;fading;frequency allocation;mobile radio systems;probability;radiofrequency interference;Rayleigh fading;cellular radio systems;cluster size;cochannel interference;cochannel protection ratio;correlation;lognormal shadowing;multiple correlated log-normal interferers;optimal channel reuse;spectrum efficiency;standard deviation;traffic load;Convolution;Frequency;Interchannel interference;Interference constraints;Land mobile radio cellular systems;Probability;Protection;Rayleigh channels;Shadow mapping;Telecommunication traffic}, 
ISSN={0018-9545},}

@INPROCEEDINGS{ftza10, 
author={Weihuang Fu and Zhifeng Tao and Jinyun Zhang and Agrawal, D.P.}, 
booktitle={Proc.\ of IEEE International Conference on Communications},
title={Clustering Based Fractional Frequency Reuse and Fair Resource Allocation in Multi-Cell Networks}, 
year={2010}, 
month={May}, 
pages={1-5}, 
keywords={Communications Society;Computer networks;Degradation;Distributed computing;Interference;Mobile computing;Radio spectrum management;Resource management;Space technology;USA Councils}, 
}

@inproceedings{mar05,
  title={A stochastic model for optimizing physical carrier sensing and spatial reuse in wireless ad hoc networks},
  author={Ma, Hui and Alazemi, Hamed MK and Roy, Sumit},
  booktitle={Proc. of IEEE Int'l Conf.\ on Mobile Adhoc and Sensor Systems Conference},
  year={2005},
}

@book{kleinrock1975queueing,
  title={Queueing Systems. Volume 1: Theory},
  author={Kleinrock, L.},
  year={1975},
  publisher={Wiley-Interscience},
  address = {New York, NY}
}
@inproceedings{chaporkar03,
author={Chaporkar, P. and Sarkar, S.},
booktitle={Proc.\ of 58th IEEE Vehicular Technology Conference},
title={Admission control framework to provide guaranteed delay in error-prone wireless channel},
year={2003},
month=oct,
volume={5},
pages={3503-3507},
keywords={packet radio networks;scheduling;telecommunication channels;telecommunication congestion control;telecommunication services;telecommunication traffic;admission control framework;channel errors;delay service;error-prone wireless channel;general arrival processes;heterogeneous real-time traffic;packet drop;scheduling policies;session blocking;Admission control;Communication system traffic control;Delay;Error correction;Next generation networking;Quality of service;Real time systems;Scheduling algorithm;Systems engineering and theory;Wireless sensor networks},
}
@article{fattah02,
author={Fattah, H. and Leung, C.},
journal={IEEE Wireless Communications},
title={An overview of scheduling algorithms in wireless multimedia networks},
year={2002},
month=oct,
volume={9},
number={5},
pages={76-83},
keywords={code division multiple access;delays;jitter;land mobile radio;multimedia communication;packet radio networks;quality of service;radio links;time division multiple access;CDMA;Internet applications;QoS;TDMA;delay;delay jitter;guaranteed quality of service parameters;link capacities;link error rates;mobile communication networks;mobile station connectivity;multihop packet networks;packet loss rate;quality of service;scheduler classification;scheduling algorithms;throughput;wireless multimedia networks;Algorithm design and analysis;Delay;Error analysis;Jitter;Mobile communication;Quality of service;Scheduling algorithm;Throughput;Time division multiple access;Wireless networks},
}
@article{akyildiz08,
author={Akyildiz, I.F. and Won-Yeol Lee and Vuran, Mehmet C. and Mohanty, S.},
journal={IEEE Communications Magazine},
title={A survey on spectrum management in cognitive radio networks},
year={2008},
month=apr,
volume={46},
number={4},
pages={40-48},
keywords={cognitive radio;radio spectrum management;cognitive radio networks;dynamic spectrum access techniques;heterogeneous wireless architectures;mobile users;spectrum management;Base stations;Baseband;Chromium;Cognitive radio;Hardware;RF signals;Radio frequency;Radio spectrum management;Transceivers;Wideband},
}
@book{georgiadis06,
  title={Resource Allocation and Cross-layer Control in Wireless Networks},
  author={Georgiadis, Leonidas and Neely, Michael J and Tassiulas, Leandros},
  year={2006},
  publisher={Now Publishers Inc.},
  address={Boston, MA}
}
@article{tassiulas92,
author={Tassiulas, L. and Ephremides, Anthony},
journal={IEEE Transactions on Automatic Control},
title={Stability properties of constrained queueing systems and scheduling policies for maximum throughput in multihop radio networks},
year={1992},
month=dec,
volume={37},
number={12},
pages={1936-1948},
keywords={queueing theory;radio networks;scheduling;stability;concurrent database;constrained queueing systems;interdependent servers;maximum throughput;multihop radio networks;parallel processing systems;scheduling policies;server activation;stability;Communication networks;Databases;Network servers;Packet radio networks;Parallel processing;Processor scheduling;Radio network;Spread spectrum communication;Stability criteria;Throughput},
}
@article{kivanc03,
author={Kivanc, D. and Guoqing Li and Hui Liu},
journal={IEEE Transactions on Wireless Communications},
title={Computationally efficient bandwidth allocation and power control for {OFDMA}},
year={2003},
month=nov,
volume={2},
number={6},
pages={1150-1158},
keywords={OFDM modulation;bandwidth allocation;cellular radio;error statistics;fading channels;frequency division multiple access;minimisation;power consumption;power control;resource allocation;BER;FDMA;OFDM;OFDMA;amplitude-craving greedy algorithm;bandwidth allocation;bit-error rate;flat-fading channel;iterative algorithm;low complexity algorithms;multiple users;orthogonal-frequency-division multiplexing;power consumption minimization;power control;rate-craving greedy algorithm;resource allocation;signal-to-noise ratio;subcarrier allocation;transmission rate;Channel allocation;Filling;Frequency division multiplexing;Greedy algorithms;Iterative algorithms;Multiaccess communication;OFDM;Power control;Quality of service;Resource management},
}
@article{atzori10,
title = "{The Internet of Things: A Survey}",
journal = "Computer Networks",
volume = "54",
number = "15",
pages = "2787-2805",
year = "2010",
author = "Luigi Atzori and Antonio Iera and Giacomo Morabito",
keywords = "Internet of Things",
keywords = "Pervasive computing",
keywords = "\{RFID\} systems "
}

@ARTICLE{Mitola99,
author={Mitola, J. and G.Q. {Maguire, Jr.}},
journal={IEEE Personal Communications},
title={Cognitive radio: Making software radios more personal},
month = aug,
year={1999},
volume={6},
number={4},
pages={13-18}
}

@ARTICLE{Letaief09,
author={Khaled Letaief and Wei Zhang},
journal={Proceedings of the IEEE},
title={Cooperative Communications for Cognitive Radio Networks},
month = may,
year={2009},
volume={97},
number={5},
pages={878-893}
}

@misc{tls,
  title={The transport layer security ({TLS}) protocol version 1.2},
  author={Dierks, Tim},
  note={rfc5246},
  url={http://tools.ietf.org/pdf/rfc5246.pdf},
  year={2008}
}

@incollection{vpn,
year={2010},
isbn={978-1-4419-1673-0},
booktitle={The Internet of Things},
editor={Giusto, Daniel and Iera, Antonio and Morabito, Giacomo and Atzori, Luigi},
doi={10.1007/978-1-4419-1674-7_38},
title={{An Overview of Privacy and Security Issues in the Internet of Things}},
url={http://dx.doi.org/10.1007/978-1-4419-1674-7_38},
publisher={Springer New York},
author={Medaglia, CarloMaria and Serbanati, Alexandru},
pages={389-395},
language={English}
}

@book{kk,
author = {David Kleidermacher and Mike Kleidermacher},
title = {Embedded Systems Security: Practical Methods for Safe and
Secure Software and Systems Development},
publisher = {Elsevier},
address = {Waltham, MA, USA},
year = 2012
}

@INPROCEEDINGS{li11,
author={Ning Li and Kinebuchi, Y. and Nakajima, T.},
booktitle={IEEE 17th International Conference on
Embedded and Real-Time Computing Systems and Applications},
title={Enhancing Security of Embedded {Linux} on a Multi-core Processor},
year={2011},
volume={2},
pages={117-121},
keywords={Linux;multiprocessing systems;security of data;SPUMONE;core-local memory;embedded Linux;embedded systems;multicore processor;security requirements;virtualization layer;Embedded systems;Kernel;Linux;Monitoring;Random access memory;Security;Virtual machine monitors;embedded system;security;virtualization},
doi={10.1109/RTCSA.2011.36},
ISSN={1533-2306},
month=aug
}

@article{luiijf2008scada,
  title={{SCADA Security Good Practices for the Drinking Water Sector}},
  author={Luiijf, Eric},
  journal={TNO, The Hague, TNO-DV},
  pages={C096},
  year={2008},
  url = {http://m.tno.nl/media/1538/tno-dv-2008-c096_web.pdf}
}

@article{register,
 title = {Hacker jailed for revenge sewage attacks},
 author = {Tony Smith},
 month = {Oct. 31,},
 year = 2001,
 journal = {The Register},
 url = {http://www.theregister.co.uk/2001/10/31/hacker_jailed_for_revenge_sewage}
}

@article{abc,
 title = {Hackers Penetrate Water System Computers},
 author = {Richard Esposito},
 month = {Nov. 1,},
 year = 2006,
 journal = {ABC News},
 url = {http://blogs.abcnews.com/theblotter/2006/10/hackers_penetra.html}
}

@ARTICLE{manadhata11,
author={Manadhata, P.K. and Wing, J.M.},
journal={IEEE Transactions on Software Engineering},
title={An Attack Surface Metric},
year={2011},
volume={37},
number={3},
pages={371-386},
keywords={C language;Java;security;software metrics;C language;Java language;attack surface metric;implementation language;security metrics;software development;software security;Application software;Java;Pressing;Programming;Security;Size measurement;Software measurement;Software quality;Software systems;Time measurement;Code design;life cycle;product metrics;protection mechanisms;risk mitigation;software security.},
doi={10.1109/TSE.2010.60},
ISSN={0098-5589},
month=May
}

@article{hertzum2004usable,
  title={Usable security and e-banking: Ease of use vis-a-vis security},
  author={Hertzum, Morten and J{\o}rgensen, Niels and N{\o}rgaard, Mie},
  journal={Australasian Journal of Information Systems},
  volume={11},
  number={2},
  year={2004}
}

@inproceedings{ammann2002scalable,
  title={Scalable, graph-based network vulnerability analysis},
  author={Ammann, Paul and Wijesekera, Duminda and Kaushik, Saket},
  booktitle={Proc.\ of 9th ACM Conf.\ on Computer and Communications Security},
  pages={217--224},
  year={2002},
  organization={ACM}
}

@inproceedings{palensky2000security,
  title={Security considerations for {FAN-Internet} connections},
  author={Palensky, Peter and Sauter, Thilo},
  booktitle={Proc.\ of IEEE Int'l Workshop on Factory Communication Systems},
  pages={27--35},
  year={2000},
  organization={IEEE}
}

@article{ap05,
author = {Axelle Apvrille and Makan Pourzandi},
title = {Secure Software Development by Example},
journal ={IEEE Security \& Privacy},
volume = {3},
number = {4},
issn = {1540-7993},
year = {2005},
pages = {10-17},
doi = {http://doi.ieeecomputersociety.org/10.1109/MSP.2005.103},
publisher = {IEEE Computer Society},
address = {Los Alamitos, CA, USA},
}

@inproceedings{ezconnect,
author = {Roger D. Chamberlain and Mike Chambers and Darren Greenwalt
and Brett Steinbrueck and Todd Steinbrueck},
title = {Layered Security and Ease of Installation for Devices
on the Internet of Things},
booktitle = {Proceedings of 1st Int'l Conference on
Internet-of-Things Design and Implementation}, 
month = apr,
year = 2016,
publisher = {IEEE},
address = {New York, NY, USA},
pages = {297-300},
doi={10.1109/IoTDI.2015.32},
}


@inproceedings {Costin2014,
        author = {Andrei Costin and Jonas Zaddach and Aur{\'e}lien Francillon and Davide Balzarotti},
        title = {A Large-Scale Analysis of the Security of Embedded Firmwares},
        booktitle = {Proceedings of the 23rd USENIX Security Symposium},
        year = {2014},
        isbn = {978-1-931971-15-7},
	publisher = {USENIX Association},
	address = {Berkeley, CA, USA},
        pages = {95--110},
	url = {https://www.usenix.org/conference/usenixsecurity14/technical-sessions/presentation/costin}
}

@article{zhong2009k,
  title={k-Anonymous data collection},
  author={Zhong, Sheng and Yang, Zhiqiang and Chen, Tingting},
  journal={Information Sciences},
  volume={179},
  number={17},
  pages={2948--2963},
  year={2009},
  publisher={Elsevier},
  note={DOI: 10.1016/j.ins.2009.05.004},
}

@inproceedings{horey2007,
  title={Anonymous data collection in sensor networks},
  author={Horey, James and Groat, Michael M and Forrest, Stephanie and Esponda, Fernando},
  booktitle={Proceedings of Conference on Mobile and Ubiquitous Systems: Networking \& Services},
  year={2007},
  publisher={IEEE},
  address = {New York, NY, USA},
  note={DOI: 10.1109/MOBIQ.2007.4451016},
}

@inproceedings{cew18,
author = {Roger D. Chamberlain and Chris Edmiston and Don Williams},
title = {Automated Titration in a Recirculating Water System},
booktitle = {Proc.\ of 4th International Workshop on Cyber-Physical Systems
for Smart Water Networks (CySWater)},
month = apr,
year = 2018,
pages = {12-15},
publisher = {IEEE},
address = {New York, NY, USA},
doi = {10.1109/CySWater.2018.00010}
}

@incollection{ccgss18,
author = {Roger D. Chamberlain and Mike Chambers and Darren Greenwalt and
Brett Steinbrueck and Todd Steinbrueck},
title = {Devices can be Secure and Easy to Install on the Internet of Things},
editor = {R. Gravina and C.E. Palau and M. Manso and A. Liotta and G. Fortino},
booktitle = {Interconnection, Integration, and Interoperability of IoT Systems},publisher = {Springer},
year = 2018,
pages = {59-76},
doi = {10.1007/978-3-319-61300-0\_4}
}

@article{gefen2000,
  title={The relative importance of perceived ease of use in {IS} adoption: a study of e-commerce adoption},
  author={Gefen, David and Straub, Detmar W},
  journal={Journal of the Association for Information Systems},
  volume={1},
  number={1},
  pages={8},
  url={http://aisel.aisnet.org/jais/vol1/iss1/8},
  year={2000}
}

@article{hertzum2004,
  title={Usable security and e-banking: Ease of use vis-a-vis security},
  author={Hertzum, Morten and J{\o}rgensen, Niels and N{\o}rgaard, Mie},
  journal={Australasian Journal of Information Systems},
  volume={11},
  number={2},
  doi={10.3127/ajis.v11i2.124},
  year={2004}
}

@ARTICLE{schneier16,
author={B. Schneier},
journal={IEEE Security Privacy},
title={Stop Trying to Fix the User},
year={2016},
volume={14},
number={5},
pages={96-96},
keywords={Bruce Schneier;Last Word;cybersecurity;security},
doi={10.1109/MSP.2016.101},
ISSN={1540-7993},
month=sep
}

@article{mb88,
author = {H.M. M\"uller-Steinhagen and C.A. Branch},
title = {Comparison of indices for the scaling and corrosion tendency of
water},
journal = {The Canadian Journal of Chemical Engineering},
volume = 66,
number = 6,
month = dec,
year = 1988,
pages = {1005-1007},
doi = {10.1002/cjce.5450660617}
}

@inproceedings{cs11,
 author = {Cui, Ang and Stolfo, Salvatore J.},
 title = {Reflections on the Engineering and Operation of a Large-scale Embedded Device Vulnerability Scanner},
 booktitle = {Proc.\ of 1st Workshop on Building Analysis Datasets and Gathering Experience Returns for Security},
 year = {2011},
 isbn = {978-1-4503-0768-0},
 location = {Salzburg, Austria},
 pages = {8--18},
 doi = {10.1145/1978672.1978674},
 acmid = {1978674},
 publisher = {ACM},
 address = {New York, NY, USA},
}

@article{kpm11,
author = {Christian Klock and Ebbe B. Petersen and Ole Brun Madsen},
title = {Cloud Based Infrastructure, the New Business Possibilities and Barriers},
journal = {Wireless Personal Communications},
volume = 58,
number = 1,
pages = {17-30},
month = may,
year = 2011,
doi = {10.1007/s11277-011-0286-7}
}

@article{ywzh16,
author = {Ying Yu and Xin Wang and Ray Y. Zhong and George Q. Huang},
title = {E-commerce Logistics in Supply Chain Management: Practice Perspective},
journal = {Procedia CIRP},
volume = 52,
pages = {179-185},
doi = {10.1016/j.procir.2016.08.002}
}

@article{gsv14,
title = "Business Models for the Internet of Things Environment",
journal = "Procedia Economics and Finance",
volume = "15",
pages = "1122-1129",
year = "2014",
doi = "10.1016/S2212-5671(14)00566-8",
author = "Jozef Glova and Tom\'{a}\v{s} Sabol and Viliam Vajda",
}

@article{rs16,
title = "Monitoring and assessing fruit freshness in {IOT}-based e-commerce delivery using scenario analysis and interval number approaches",
journal = "Information Sciences",
volume = "373",
pages = "557-570",
year = "2016",
doi = "10.1016/j.ins.2016.07.014",
author = "Junhu Ruan and Yan Shi",
}

@article{zw17,
author = {Yu Zhang and Jiangtao Wen},
title = {The {IoT} electric business model: Using blockchain technology
for the internet of things},
journal = {Peer-to-Peer Networking and Applications},
volume = 10,
number = 4,
month = jul,
year = 2017,
pages = {983-994},
doi = {10.1007/s12083-016-0456-1}
}

@article{Xu14,
author = {Xioming Xu},
title = {{IOT} Technology Research in E-commerce},
journal = {Information Technology Journal},
volume = 13,
number = 16,
pages = {2552-2559},
year = 2014,
doi = {10.3923/itj.2014.2552.2559},
}

@ARTICLE{bxw14,
author={Z. Bi and L. D. Xu and C. Wang},
journal={IEEE Transactions on Industrial Informatics},
title={Internet of Things for Enterprise Systems of Modern Manufacturing},
year={2014},
volume={10},
number={2},
pages={1537-1546},
doi={10.1109/TII.2014.2300338},
month={May},
}

@article{wlbl08,
author = {Samuel Fosso Wamba and Louis A. Lefebvre and
Ygal Bendavid and \'{E}lisabeth Lefebvre},
title = {Exploring the impact of {RFID} technology and the {EPC} network
on mobile {B2B} e{C}ommerce: A case study in the retail industry},
journal = {International Journal of Production Economics},
volume = 12,
number = 2,
month = apr,
year = 2008,
pages = {614-629},
doi = {10.1016/j.ijpe.2007.05.010}
}

@article{Davis89,
author = {Fred D. Davis},
title = {Perceived Usefulness, Perceived Ease of Use, and User
Acceptance of Information Technology},
journal = {MIS Quarterly},
volume = 13,
number = 3,
month = sep,
year = 1989,
pages = {319-340},
doi = {10.2307/249008}
}

@article{McP13,
author = {Lori McPherson},
title = {Understanding Proportional Control},
journal = {Industrial WaterWorld},
volume = 13,
number = 1,
month = feb,
year = 2013,
url = {https://www.waterworld.com/articles/iww/print/volume-13/issue-1.html}
}
